<collection xmlns="http://www.loc.gov/MARC21/slim">
<record>
  <leader>01269nam0a22002171i 450 </leader>
  <controlfield tag="001">IT\ICCU\CNCE\032836</controlfield>
  <controlfield tag="005">20110728000000.0</controlfield>
  <datafield tag="100" ind1=" " ind2=" ">
    <subfield code="a">19971216d1550        0itac0103    ba</subfield>
  </datafield>
  <datafield tag="101" ind1=" " ind2=" ">
    <subfield code="a">LAT</subfield>
  </datafield>
  <datafield tag="102" ind1=" " ind2=" ">
    <subfield code="a">IT</subfield>
  </datafield>
  <datafield tag="200" ind1="1" ind2=" ">
    <subfield code="a">Opiniones in iure communes, secundum alphabeti seriem collectae per excellentiss. ac caeleberrimum iureconsultum d. Ioa. Baptistam a Villalobos Toletanum. Cunctis tam in scholis profitentibus, quam in palatijs versantibus apprime vtiles, nec non necessariae. Cum additionibus in hac secunda editione nouiter appositis</subfield>
  </datafield>
  <datafield tag="210" ind1=" " ind2=" ">
    <subfield code="e">Impressum Venetijs</subfield>
    <subfield code="g">in aedibus Petri &amp; Io. Mariae de Nicolinis de Sabio</subfield>
    <subfield code="h">1550</subfield>
  </datafield>
  <datafield tag="300" ind1=" " ind2=" ">
    <subfield code="a">ANNULLATA: le note tip. si riferiscono in realt ̉ad altra ed</subfield>
  </datafield>
  <datafield tag="620" ind1=" " ind2=" ">
    <subfield code="a">IT</subfield>
    <subfield code="d">Venezia</subfield>
  </datafield>
  <datafield tag="700" ind1=" " ind2="1">
    <subfield code="a">Villalobos,</subfield>
    <subfield code="b">Juan Bautista</subfield>
    <subfield code="3">IT\ICCU\CNCA\008027</subfield>
  </datafield>
  <datafield tag="712" ind1="0" ind2="0">
    <subfield code="a">Nicolini da Sabbio, Pietro &amp; Nicolini da Sabbio, Giovanni Maria</subfield>
    <subfield code="3">IT\ICCU\CNCT\000355</subfield>
    <subfield code="4">650</subfield>
  </datafield>
  <datafield tag="790" ind1=" " ind2="1">
    <subfield code="a">Villalobos,</subfield>
    <subfield code="b">Ioannes Baptista</subfield>
    <subfield code="3">IT\ICCU\CNCA\025757</subfield>
    <subfield code="z">Villalobos, Juan Bautista</subfield>
  </datafield>
  <datafield tag="790" ind1=" " ind2="1">
    <subfield code="a">Villalobos,</subfield>
    <subfield code="b">Juan Bautista : de</subfield>
    <subfield code="3">IT\ICCU\CNCA\025758</subfield>
    <subfield code="z">Villalobos, Juan Bautista</subfield>
  </datafield>
  <datafield tag="790" ind1=" " ind2="1">
    <subfield code="a">Villalobos,</subfield>
    <subfield code="b">Ioannes Baptista : de</subfield>
    <subfield code="3">IT\ICCU\CNCA\025759</subfield>
    <subfield code="z">Villalobos, Juan Bautista</subfield>
  </datafield>
  <datafield tag="801" ind1=" " ind2="3">
    <subfield code="a">IT</subfield>
    <subfield code="b">ICCU</subfield>
    <subfield code="c">20201114</subfield>
  </datafield>
  <datafield tag="899" ind1=" " ind2=" ">
    <subfield code="a">Biblioteca comunale. Corinaldo</subfield>
    <subfield code="1">AN0030</subfield>
    <subfield code="2">URB 01</subfield>
  </datafield>
</record>
</collection>
